@misc{javaspring,
	title = {{Java Spring} keretrendszer dokumentáció},
	howpublished = {\url{https://spring.io/}},
	note = {Elérhető: 2023-11-29}
}

@misc{vuejs,
	title = {{Vue.js } keretrendszer dokumentáció},
	howpublished = {\url{https://https://vuejs.org/}},
	note = {Elérhető: 2023-11-29}
}

@misc{lombok,
	title = {{Lombok} Könvtár dokumentáció},
	howpublished = {\url{https://projectlombok.org/}},
	note = {Elérhető: 2023-11-29}
}

@misc{axiosLibrary,
	title = {{Axios} Könyvtár dokumentáció},
	howpublished = {\url{https://axios-http.com/docs/intro}},
	note = {Elérhető: 2023-11-29}
}

@misc{pinia,
	title = {{Pinia} Állapottároló könyvtár dokumentáció},
	howpublished = {\url{https://pinia.vuejs.org/}},
	note = {Elérhető: 2023-11-29}
}
@misc{keycloak,
	title = {{Keycloak} Autentikációs keretrendszer dokumentáció},
	howpublished = {\url{https://www.keycloak.org/}},
	note = {Elérhető: 2023-11-29}
}
@misc{postman,
	title = {{Postman} Api tesztelő eszköz dokumentáció},
	howpublished = {\url{https://www.postman.com/}},
	note = {Elérhető: 2023-11-29}
}
@misc{swagger,
	title = {{Swagger} Api dokumentáló eszköz dokumentáció},
	howpublished = {\url{https://swagger.io/}},
	note = {Elérhető: 2023-11-29}
}
@misc{webpack,
	title = {{Webpack} modul csomagoló dokumentáció},
	howpublished = {\url{https://webpack.js.org/}},
note = {Elérhető: 2023-11-29}
}
@misc{ioc,
	title ={{Inversion of control} tervezési minta leírás},
	howpublished = {\url{https://en.wikipedia.org/wiki/Inversion_of_control}},
	note={ {Elérhető: 2023-12-02}}
}
@misc{konva,
	title ={{Konva} grafikus könyvtár dokumentáció},
	howpublished = {\url{https://konvajs.org/docs/index.html}},
	note={ {Elérhető: 2023-12-02}}
}
